@book{diffusion,
  title = "Diffusion in Social Networks",
  author = "P. Shakarian and A. Bhatnagar and A. Aleali and E. Shaabani and R. Guo",
  publisher = "Springer",
  year = "2015",
  bibdate = "2017-05-16",
  ISBN = "978-3-319-23104-4; 978-3-319-23105-1",
  pages = "1--101",
  series = "Springer Briefs in Computer Science"
}

@inproceedings{chamfer,
  title={A point set generation network for 3d object reconstruction from a single image},
  author={Fan, Haoqiang and Su, Hao and Guibas, Leonidas J},
  booktitle={Proceedings of the IEEE conference on computer vision and pattern recognition},
  pages={605--613},
  year={2017}
}

@article{fuzzy,
  title={Fuzzy set theory},
  author={Zimmermann, H-J},
  journal={Wiley Interdisciplinary Reviews: Computational Statistics},
  volume={2},
  number={3},
  pages={317--332},
  year={2010},
  publisher={Wiley Online Library}
}

@article{clustering,
  title={Clustering in complex directed networks},
  author={Fagiolo, G.},
  journal={Physical Review E},
  volume={76},
  number={2},
  pages={026107},
  year={2007},
  publisher={APS}
}